[
  [
    "",
    "Q1 2011",
    "Q2 2011",
    "Q3 2011",
    "Q4 2011",
    "Q1 2012",
    "Q2 2012",
    "Q3 2012",
    "Q4 2012",
    "Q1 2013",
    "Q2 2013",
    "Q3 2013",
    "Q4 2013",
    "Q1 2014",
    "Q2 2014",
    "Q3 2014",
    "Q4 2014",
    "Q1 2015",
    "Q2 2015",
    "Q3 2015",
    "Q4 2015",
    "Q1 2016",
    "Q2 2016",
    "Q3 2016",
    "Q4 2016",
    "Q1 2017",
    "Q2 2017",
    "Q3 2017",
    "Q4 2017",
    "Q1 2018",
    "Q2 2018",
    "Q3 2018",
    "Q4 2018",
    "Q1 2019",
    "Q2 2019",
    "Q4 2019",
    "Q1 2020",
    "Q2 2020",
    "Q3 2020",
    "Q4 2020",
    "Q1 2021",
    "Q2 2021",
    "Q3 2021",
    "Q4 2021",
    "Q1 2022",
    "Q2 2022",
    "Q3 2022",
    "Q4 2022",
    "Q1 2023",
    "Q2 2023",
    "Q3 2023",
    "Q4 2023",
    "Q1 2024",
    "Q2 2024",
    "Q3 2024",
    "Q4 2024",
    "Q1 2025",
    "Q2 2025"
  ],
  [
    "Revenue",
    34.1,
    45.1,
    51.2,
    67.6,
    79.2,
    87.8,
    91.7,
    94.9,
    61.5,
    74.9,
    83.2,
    101.2,
    129.7,
    138.4,
    148.3,
    156,
    150.1,
    153.1,
    147.5,
    145.3,
    151.4,
    161.9,
    167.4,
    185.7,
    204.8,
    213.5,
    218.4,
    228.6,
    245.9,
    250.8,
    250.4,
    269.8,
    282.9,
    307.3,
    "",
    473.5,
    308.3,
    337.4,
    315.5,
    473.5,
    479.4,
    467.2,
    477.9,
    458.9,
    431.6,
    358.1,
    443.1,
    498.1,
    493.6,
    457.8,
    491.1,
    463.1,
    465,
    493,
    507.5,
    550.3,
    599.9
  ],
  [
    "COGS",
    20.5,
    27,
    30,
    39.5,
    46.2,
    50.5,
    52,
    53.8,
    36.5,
    44.4,
    47.7,
    56.9,
    71.7,
    77.5,
    82.7,
    87.1,
    89,
    84.1,
    81.5,
    79.1,
    77.9,
    82.8,
    84.9,
    95.9,
    106.5,
    118.4,
    119.3,
    125.4,
    134.2,
    153.9,
    135.9,
    149.2,
    151.3,
    167,
    "",
    245.4,
    163.2,
    177.8,
    163.5,
    245.4,
    248.8,
    244.5,
    247.1,
    249.5,
    256.9,
    242,
    273.5,
    326.7,
    296,
    269.3,
    287.8,
    279.2,
    287.3,
    318.9,
    303.3,
    318.7,
    352.6
  ],
  [
    "Gross Profit",
    13.6,
    18,
    21.1,
    28,
    33,
    37.3,
    39.7,
    41,
    25,
    30.5,
    35.5,
    44.4,
    58,
    61,
    65.6,
    68.9,
    61.1,
    69,
    66,
    66.1,
    73.5,
    79,
    82.5,
    89.8,
    98.3,
    95.1,
    99.1,
    103.2,
    111.7,
    96.9,
    114.5,
    120.5,
    131.6,
    140.2,
    "",
    228.1,
    145.1,
    159.6,
    152.1,
    228.1,
    230.7,
    222.7,
    230.7,
    209.5,
    174.7,
    116,
    169.6,
    171.4,
    197.6,
    188.5,
    203.3,
    183.9,
    177.6,
    174.1,
    204.1,
    231.6,
    247.2
  ],
  [
    "SG&A Expense",
    1.7,
    1.8,
    1.9,
    2.1,
    2.1,
    2.4,
    2.5,
    2,
    4.5,
    5.3,
    6.3,
    5.6,
    5.8,
    5.8,
    6.1,
    5.9,
    5.7,
    5.4,
    5.5,
    5,
    8.1,
    7.4,
    8.5,
    9.2,
    8.9,
    9,
    9.1,
    9.9,
    7.7,
    10.4,
    12.2,
    12.9,
    13.8,
    10.6,
    "",
    12.4,
    9,
    10.6,
    10.5,
    12.4,
    11,
    13.3,
    17,
    15.7,
    16.4,
    18.2,
    19.6,
    16.7,
    18.6,
    16.7,
    18.9,
    19.3,
    19.6,
    20.4,
    21.7,
    24.4,
    28.5
  ],
  [
    "R&D Expense",
    2.5,
    2.6,
    2.9,
    3.3,
    3.4,
    3.7,
    4.6,
    5,
    4.7,
    5.1,
    5.7,
    5.5,
    6.3,
    8.1,
    9.4,
    10.2,
    11.7,
    12.9,
    15.2,
    14.7,
    13.6,
    15.4,
    13.8,
    15,
    14.5,
    16.3,
    16.6,
    21.6,
    16.9,
    20.5,
    17.4,
    19.5,
    18.2,
    20,
    "",
    25.8,
    24,
    21.7,
    23.4,
    25.8,
    28.9,
    30.5,
    31,
    32.1,
    32.9,
    35.3,
    37.5,
    32.7,
    33.8,
    38.2,
    40.5,
    36.3,
    36.9,
    42.5,
    44.1,
    38,
    40
  ],
  [
    "Operating Expenses",
    4.2,
    4.4,
    4.8,
    5.4,
    5.5,
    6.1,
    7.1,
    7,
    9.2,
    10.4,
    12,
    11.2,
    12.1,
    13.9,
    15.5,
    16.1,
    17.4,
    18.3,
    20.7,
    58.8,
    13.7,
    22.6,
    22.4,
    24.1,
    23.4,
    25.3,
    25.7,
    31.5,
    24.6,
    30.8,
    29.6,
    32.4,
    32,
    48.6,
    "",
    38.2,
    33,
    32.3,
    34,
    38.2,
    39.9,
    43.7,
    47.9,
    47.8,
    49.3,
    53.4,
    57.1,
    49.4,
    52.4,
    55,
    59.5,
    55.6,
    56.5,
    62.9,
    65.8,
    62.4,
    68.4
  ],
  [
    "Operating Income",
    9.5,
    13.7,
    16.3,
    22.6,
    27.5,
    31.2,
    32.6,
    34.1,
    15.8,
    20.1,
    23.5,
    33.2,
    45.9,
    47.1,
    50.1,
    52.8,
    43.6,
    50.7,
    45.2,
    7.3,
    59.8,
    56.4,
    60.1,
    65.6,
    74.9,
    69.8,
    73.4,
    71.6,
    87.1,
    66.1,
    84.9,
    88.1,
    99.6,
    91.7,
    "",
    190,
    112,
    127.4,
    118.1,
    190,
    190.8,
    179,
    182.8,
    161.7,
    125.4,
    62.6,
    112.6,
    122,
    145.2,
    133.5,
    143.9,
    128.3,
    121.1,
    111.2,
    138.4,
    169.2,
    178.8
  ],
  [
    "Other Income",
    0,
    0,
    0,
    0,
    0.6,
    -0.3,
    -0.2,
    -1.4,
    -0.1,
    -0.2,
    -0.3,
    -0.3,
    -0.2,
    -0.2,
    -0.3,
    -0.6,
    -0.1,
    0,
    -0.8,
    -0.3,
    -0.1,
    -0.7,
    -0.5,
    -0.8,
    -1.1,
    -1.2,
    -1,
    -1.4,
    -1.4,
    -2.5,
    -4.7,
    -3.5,
    -2.5,
    -3.2,
    "",
    -3.9,
    -12.1,
    -6.6,
    -4.6,
    -3.9,
    -3.6,
    -4.9,
    -2.5,
    -3.8,
    -2.7,
    -3.3,
    -8,
    -10.7,
    -11.3,
    -16.5,
    -19.8,
    -21.2,
    -18.3,
    -18.9,
    -16.8,
    -10.6,
    -11.4
  ],
  [
    "Pretax Income",
    9.5,
    13.7,
    16.3,
    22.7,
    26.9,
    30.9,
    32.4,
    33.9,
    15.7,
    19.9,
    23.2,
    32.9,
    45.6,
    46.9,
    49.9,
    52.2,
    43.6,
    50.7,
    44.5,
    7,
    59.7,
    55.8,
    59.6,
    64.8,
    73.8,
    68.6,
    72.4,
    70.2,
    85.7,
    63.6,
    80.2,
    84.7,
    97.1,
    88.4,
    "",
    186,
    100,
    120.7,
    113.5,
    186,
    187.2,
    174.1,
    180.3,
    157.9,
    122.7,
    59.4,
    104.5,
    111.4,
    133.9,
    117,
    124.1,
    107.1,
    102.8,
    92.4,
    121.6,
    158.6,
    167.4
  ],
  [
    "Income Taxes",
    1.9,
    2.7,
    3.3,
    4.5,
    5.4,
    6.2,
    4.4,
    5.4,
    2.5,
    2.1,
    2.5,
    4.1,
    5.1,
    5.1,
    4.7,
    2.8,
    5.8,
    4.5,
    3.3,
    2.4,
    6,
    6.3,
    6.9,
    7.1,
    2,
    8,
    7.9,
    9.5,
    10.8,
    115,
    -22.6,
    14.6,
    11.4,
    10.6,
    "",
    29.5,
    14.2,
    17,
    20.8,
    29.5,
    27.5,
    28,
    26,
    25.7,
    19,
    9,
    12,
    18.2,
    21.7,
    18.5,
    20.4,
    19.3,
    20.7,
    16.1,
    17.8,
    30.6,
    30.6
  ],
  [
    "Net Income",
    7.6,
    11,
    13,
    18.1,
    21.5,
    24.7,
    27.9,
    28.5,
    13.2,
    17.8,
    20.7,
    28.8,
    40.5,
    41.8,
    45.2,
    49.4,
    37.7,
    46.3,
    41.1,
    4.5,
    53.8,
    49.5,
    52.7,
    57.7,
    71.8,
    60.6,
    64.4,
    60.7,
    74.9,
    -51.5,
    102.7,
    70.1,
    85.7,
    77.8,
    "",
    156.5,
    85.8,
    103.7,
    92.6,
    156.5,
    159.7,
    146.1,
    154.3,
    132.2,
    103.6,
    50.4,
    92.5,
    93.2,
    112.2,
    98.6,
    103.7,
    87.8,
    82.1,
    76.3,
    103.8,
    128,
    136.8
  ],
  [
    "Gross Profit Margin",
    "39.88%",
    "39.91%",
    "41.21%",
    "41.42%",
    "41.67%",
    "42.48%",
    "43.29%",
    "43.20%",
    "40.65%",
    "40.72%",
    "42.67%",
    "43.87%",
    "44.72%",
    "44.08%",
    "44.23%",
    "44.17%",
    "40.71%",
    "45.07%",
    "44.75%",
    "45.49%",
    "48.55%",
    "48.80%",
    "49.28%",
    "48.36%",
    "48.00%",
    "44.54%",
    "45.38%",
    "45.14%",
    "45.42%",
    "38.64%",
    "45.73%",
    "44.66%",
    "46.52%",
    "45.62%",
    "N/A",
    "48.17%",
    "47.06%",
    "47.30%",
    "48.21%",
    "48.17%",
    "48.12%",
    "47.67%",
    "48.27%",
    "45.65%",
    "40.48%",
    "32.39%",
    "38.28%",
    "34.41%",
    "40.03%",
    "41.18%",
    "41.40%",
    "39.71%",
    "38.19%",
    "35.31%",
    "40.22%",
    "42.09%",
    "41.21%"
  ],
  [
    "Operating Profit Margin",
    "27.86%",
    "30.38%",
    "31.84%",
    "33.43%",
    "34.72%",
    "35.54%",
    "35.55%",
    "35.93%",
    "25.69%",
    "26.84%",
    "28.25%",
    "32.81%",
    "35.39%",
    "34.03%",
    "33.78%",
    "33.85%",
    "29.05%",
    "33.12%",
    "30.64%",
    "5.02%",
    "39.50%",
    "34.84%",
    "35.90%",
    "35.33%",
    "36.57%",
    "32.69%",
    "33.61%",
    "31.32%",
    "35.42%",
    "26.36%",
    "33.91%",
    "32.65%",
    "35.21%",
    "29.84%",
    "N/A",
    "40.13%",
    "36.33%",
    "37.76%",
    "37.43%",
    "40.13%",
    "39.80%",
    "38.31%",
    "38.25%",
    "35.24%",
    "29.05%",
    "17.48%",
    "25.41%",
    "24.49%",
    "29.42%",
    "29.16%",
    "29.30%",
    "27.70%",
    "26.04%",
    "22.56%",
    "27.27%",
    "30.75%",
    "29.80%"
  ],
  [
    "Net Profit Margin",
    "22.29%",
    "24.39%",
    "25.39%",
    "26.78%",
    "27.15%",
    "28.13%",
    "30.43%",
    "30.03%",
    "21.46%",
    "23.77%",
    "24.88%",
    "28.46%",
    "31.23%",
    "30.20%",
    "30.48%",
    "31.67%",
    "25.12%",
    "30.24%",
    "27.86%",
    "3.10%",
    "35.54%",
    "30.57%",
    "31.48%",
    "31.07%",
    "35.06%",
    "28.38%",
    "29.49%",
    "26.55%",
    "30.46%",
    "-20.53%",
    "41.01%",
    "25.98%",
    "30.29%",
    "25.32%",
    "N/A",
    "33.05%",
    "27.83%",
    "30.74%",
    "29.35%",
    "33.05%",
    "33.31%",
    "31.27%",
    "32.29%",
    "28.81%",
    "24.00%",
    "14.07%",
    "20.88%",
    "18.71%",
    "22.73%",
    "21.54%",
    "21.12%",
    "18.96%",
    "17.66%",
    "15.48%",
    "20.45%",
    "23.26%",
    "22.80%"
  ],
  [
    "R&D as % of Revenue",
    "7.33%",
    "5.76%",
    "5.66%",
    "4.88%",
    "4.29%",
    "4.21%",
    "5.02%",
    "5.27%",
    "7.64%",
    "6.81%",
    "6.85%",
    "5.43%",
    "4.86%",
    "5.85%",
    "6.34%",
    "6.54%",
    "7.79%",
    "8.43%",
    "10.31%",
    "10.12%",
    "8.98%",
    "9.51%",
    "8.24%",
    "8.08%",
    "7.08%",
    "7.63%",
    "7.60%",
    "9.45%",
    "6.87%",
    "8.17%",
    "6.95%",
    "7.23%",
    "6.43%",
    "6.51%",
    "N/A",
    "5.45%",
    "7.78%",
    "6.43%",
    "7.42%",
    "5.45%",
    "6.03%",
    "6.53%",
    "6.49%",
    "6.99%",
    "7.62%",
    "9.86%",
    "8.46%",
    "6.56%",
    "6.85%",
    "8.34%",
    "8.25%",
    "7.84%",
    "7.94%",
    "8.62%",
    "8.69%",
    "6.91%",
    "6.67%"
  ],
  [
    "SG&A as % of Revenue",
    "4.99%",
    "3.99%",
    "3.71%",
    "3.11%",
    "2.65%",
    "2.73%",
    "2.73%",
    "2.11%",
    "7.32%",
    "7.08%",
    "7.57%",
    "5.53%",
    "4.47%",
    "4.19%",
    "4.11%",
    "3.78%",
    "3.80%",
    "3.53%",
    "3.73%",
    "3.44%",
    "5.35%",
    "4.57%",
    "5.08%",
    "4.95%",
    "4.35%",
    "4.22%",
    "4.17%",
    "4.33%",
    "3.13%",
    "4.15%",
    "4.87%",
    "4.78%",
    "4.88%",
    "3.45%",
    "N/A",
    "2.62%",
    "2.92%",
    "3.14%",
    "3.33%",
    "2.62%",
    "2.29%",
    "2.85%",
    "3.56%",
    "3.42%",
    "3.80%",
    "5.08%",
    "4.42%",
    "3.35%",
    "3.77%",
    "3.65%",
    "3.85%",
    "4.17%",
    "4.22%",
    "4.14%",
    "4.28%",
    "4.43%",
    "4.75%"
  ],
  [
    "Revenue QoQ Growth",
    "N/A",
    "32.26%",
    "13.53%",
    "32.03%",
    "17.16%",
    "10.86%",
    "4.44%",
    "3.49%",
    "-35.19%",
    "21.79%",
    "11.08%",
    "21.63%",
    "28.16%",
    "6.71%",
    "7.15%",
    "5.19%",
    "-3.78%",
    "2.00%",
    "-3.66%",
    "-1.49%",
    "4.20%",
    "6.94%",
    "3.40%",
    "10.93%",
    "10.29%",
    "4.25%",
    "2.30%",
    "4.67%",
    "7.57%",
    "1.99%",
    "-0.16%",
    "7.75%",
    "4.86%",
    "8.62%",
    "N/A",
    "N/A",
    "-34.89%",
    "9.44%",
    "-6.49%",
    "50.08%",
    "1.25%",
    "-2.54%",
    "2.29%",
    "-3.98%",
    "-5.95%",
    "-17.03%",
    "23.74%",
    "12.41%",
    "-0.90%",
    "-7.25%",
    "7.27%",
    "-5.70%",
    "0.41%",
    "6.02%",
    "2.94%",
    "8.43%",
    "9.01%"
  ]
]